@article{grigsby2020forthcoming,
	title = {Aggregate {Nominal} {Wage} {Adjustments}: {New} {Evidence} from {Administrative} {Payroll} {Data}},
	url = {https://www.aeaweb.org/articles?id=10.1257/aer.20190318&&from=f},
	language = {en},
	year = {forthcoming},
	journal = {American Economic Review},
	author = {Grigsby, John and Hurst, Erik and Yildirmaz, Ahu},
}